@online{debugAdapterProtocol,
author ={Harry Thornburg},
year = {2001},
title ={Introduction to Bayesian Statistics},
url ={http://ccrma.stanford.edu/~jos/bayes/bayes.html},
month ={mar},
lastaccessed ={March 2, 2005},
}